<record><leader>00000cas a22000007a 4500</leader><controlfield tag="001">10255283</controlfield><controlfield tag="008">831229d18421843mauwr ne      0    0eng d</controlfield><datafield ind1=" " ind2=" " tag="010"><subfield code="a">sn 83021555 </subfield></datafield><datafield ind1=" " ind2=" " tag="040"><subfield code="a">NPX</subfield><subfield code="b">eng</subfield><subfield code="c">NPX</subfield><subfield code="d">NPU</subfield><subfield code="d">MGN</subfield><subfield code="d">CNW</subfield><subfield code="d">IUL</subfield><subfield code="d">OCL</subfield><subfield code="d">OCLCQ</subfield><subfield code="d">OCLCF</subfield><subfield code="d">OCLCO</subfield></datafield><datafield ind1=" " ind2=" " tag="042"><subfield code="a">msc</subfield></datafield><datafield ind1=" " ind2=" " tag="043"><subfield code="a">n-us-ma</subfield></datafield><datafield ind1="0" ind2="0" tag="245"><subfield code="a">Quarto Boston notion.</subfield></datafield><datafield ind1="1" ind2="3" tag="246"><subfield code="a">Quarto notion</subfield></datafield><datafield ind1="3" ind2="0" tag="246"><subfield code="a">Boston quarto notion</subfield></datafield><datafield ind1=" " ind2=" " tag="260"><subfield code="a">[Boston, Mass.] :</subfield><subfield code="b">George Roberts,</subfield><subfield code="c">1842-1843.</subfield></datafield><datafield ind1=" " ind2=" " tag="300"><subfield code="a">4 v. :</subfield><subfield code="b">ill. ;</subfield><subfield code="c">41 cm.</subfield></datafield><datafield ind1=" " ind2=" " tag="310"><subfield code="a">Weekly</subfield></datafield><datafield ind1="0" ind2=" " tag="362"><subfield code="a">Vol. 5, no. 111 (Nov. 19, 1842)-v. 8, no. 257 (Apr. 15, 1843).</subfield></datafield><datafield ind1=" " ind2=" " tag="500"><subfield code="a">"Boston" appears in title ornament.</subfield></datafield><datafield ind1=" " ind2=" " tag="515"><subfield code="a">Numbering is irregular.</subfield></datafield><datafield ind1=" " ind2="0" tag="651"><subfield code="a">Boston (Mass.)</subfield><subfield code="v">Newspapers.</subfield></datafield><datafield ind1=" " ind2="7" tag="655"><subfield code="a">Newspapers.</subfield><subfield code="2">fast</subfield><subfield code="0">(OCoLC)fst01423814</subfield></datafield><datafield ind1=" " ind2="7" tag="651"><subfield code="a">Massachusetts</subfield><subfield code="z">Boston.</subfield><subfield code="2">fast</subfield><subfield code="0">(OCoLC)fst01205012</subfield></datafield><datafield ind1=" " ind2=" " tag="752"><subfield code="a">United States</subfield><subfield code="b">Massachusetts</subfield><subfield code="c">Suffolk</subfield><subfield code="d">Boston.</subfield></datafield><datafield ind1="0" ind2=" " tag="775"><subfield code="t">Boston daily times (Boston, Mass. : 1839)</subfield><subfield code="w">(DLC)sn 83021550</subfield><subfield code="w">(OCoLC)10253696</subfield></datafield><datafield ind1="0" ind2="0" tag="780"><subfield code="t">Quarto Boston notion, or, Roberts' weekly journal of American and foreign literature, fine arts, and general news</subfield><subfield code="w">(DLC)sn 83021597</subfield><subfield code="w">(OCoLC)7784868</subfield></datafield><datafield ind1="0" ind2="0" tag="785"><subfield code="t">Boston notion (Boston, Mass. : 1843)</subfield><subfield code="w">(DLC)sn 83021556</subfield><subfield code="w">(OCoLC)10255324</subfield></datafield></record>